<?xml version="1.0" encoding="UTF-8"?><collection xmlns="http://www.loc.gov/MARC21/slim"><record><leader>00387nam--2200133-i-4500</leader><controlfield tag="001">000024380</controlfield><controlfield tag="002">20161230</controlfield><controlfield tag="005">20170225183544</controlfield><controlfield tag="008">060222s1000------------r-----000-0-eng-d</controlfield><datafield ind1=" " ind2=" " tag="100"><subfield code="a">Rottmann, Karl</subfield></datafield><datafield ind1=" " ind2=" " tag="245"><subfield code="a">B.I. Hochschultaschenbucher. Band 14/14a: Mathematische funktionstafeln</subfield></datafield><datafield ind1=" " ind2=" " tag="260"><subfield code="a">Mannheim</subfield><subfield code="b">Bibliographisches Institut</subfield><subfield code="c">1959</subfield></datafield><datafield ind1=" " ind2=" " tag="852"><subfield code="a">75362</subfield></datafield><datafield ind1=" " ind2=" " tag="CAT"><subfield code="a">SYS</subfield><subfield code="c">20170225</subfield><subfield code="h">183544</subfield></datafield></record></collection>